@STRING{annstat	= {The Annals of Statistics} }

@Article{	  benjamini&hochberg95,
  author	= {Y. Benjamini and Y. Hochberg},
  title		= {Controlling the false discovery rate: a practical and
		  powerful approach to multiple testing},
  journal	= {J. R. Statist. Soc. B},
  year		= {1995},
  optkey	= {},
  volume	= {57},
  optnumber	= {},
  optmonth	= {},
  pages		= {289--300},
  optnote	= {},
  optannote	= {}
}

@Article{	  benjamini&yekutieli01,
  author	= {Y. Benjamini and D. Yekutieli},
  title		= {The control of the false discovery rate in multiple
		  hypothesis testing under dependency},
  journal	= annstat,
  year		= {2001},
  optkey	= {},
  volume	= {29},
  number	= {4},
  pages		= {1165--1188}
}

@Unpublished{	  dudoit&shaffer02,
  author	= {S. Dudoit and J. P. Shaffer and J. C. Boldrick},
  title		= {Multiple hypothesis testing in microarray experiments},
  note		= {{\it Statistical Science}, to appear, preprint 
available at UC
		  Berkeley, Division Biostatistics working paper series:
		  2002-110, {\tt http://www.bepress.com/ucbbiostat/paper110}},
  optkey	= {},
  optmonth	= {},
  year		= {2002},
  optannote	= {}
}

@Unpublished{	  ge&dudoit,
  author	= {Y. Ge and S. Dudoit and T. P. Speed},
  title		= {Resampling-based multiple testing for microarray data
		  analysis},
  note		= {{\it Test}, to appear, preprint available at the
		  Technical Report \#633, Jan. 2003, the Department of
		  Statistics, UC Berkeley, {\tt
		  http://www.stat.berkeley.edu/tech-reports/index.html}},
  optkey	= {},
  optmonth	= {},
  year		= {2003},
  optannote	= {}
}

@Article{	  golubetal,
  author	= {T. R. Golub and D. K. Slonim and P. Tamayo and C. Huard
		  and M. Gaasenbeek and J. P. Mesirov and H. Coller and M.L.
		  Loh and J. R. Downing and M. A. Caligiuri and C. D.
		  Bloomfield and E. S. Lander},
  title		= {Molecular classification of cancer: class discovery and
		  class prediction by gene expression monitoring},
  journal	= {Science},
  year		= {1999},
  optkey	= {},
  volume	= {286},
  optnumber	= {},
  optmonth	= {},
  pages		= {531--537},
  optnote	= {},
  optannote	= {}
}

@Article{	  hochberg88,
  author	= {Y. Hochberg},
  title		= {A sharper Bonferroni procedure for multiple tests of
		  significance},
  journal	= {Biometrika},
  year		= {1988},
  optkey	= {},
  volume	= {75},
  optnumber	= {},
  pages		= {800--802},
  optmonth	= {},
  optnote	= {},
  optannote	= {}
}

@Article{	  holm79,
  author	= {S. Holm},
  title		= {A simple sequentially rejective multiple test procedure},
  journal	= {Scand. J. Statist.},
  year		= {1979},
  optkey	= {},
  volume	= {6},
  optnumber	= {},
  pages		= {65--70},
  optmonth	= {},
  optnote	= {},
  optannote	= {}
}

@Article{	  shaffer95,
  author	= {J. P. Shaffer},
  title		= {Multiple hypothesis testing},
  journal	= {Annu. Rev. Psychol.},
  year		= {1995},
  optkey	= {},
  volume	= {46},
  optnumber	= {},
  pages		= {561--584},
  optmonth	= {},
  optnote	= {},
  optannote	= {}
}

@Book{		  westfall&young93,
  author	= {P. H. Westfall and S. S. Young},
  opteditor	= {},
  title		= {Resampling-based multiple testing: {E}xamples and methods
		  for $p$-value adjustment},
  publisher	= {John Wiley \& Sons},
  year		= {1993},
  optkey	= {},
  optvolume	= {},
  optnumber	= {},
  optseries	= {},
  optaddress	= {},
  optedition	= {},
  optmonth	= {},
  optnote	= {},
  optannote	= {}
}
